%% This BibTeX bibliography file was created using BibDesk.
%% http://bibdesk.sourceforge.net/

%% Created for Marshall Zhang at 2016-04-01 04:29:56 -0400 


%% Saved with string encoding Unicode (UTF-8) 



@webpage{spf-site,
	Author = {European Central Bank},
	Date-Added = {2016-04-01 07:53:34 +0000},
	Date-Modified = {2016-04-01 08:04:28 +0000},
	Title = {\uppercase{ECB} survey of professional forecasters \uppercase{SPF}},
	Url = {http://www.ecb.europa.eu/stats/prices/indic/forecast/},
	Year = {2016}}

@webpage{targeting,
	Author = {European Central Bank},
	Date-Added = {2016-04-01 07:50:54 +0000},
	Date-Modified = {2016-04-01 08:04:22 +0000},
	Title = {\uppercase{D}efinition of price stability},
	Url = {https://www.ecb.europa.eu/mopo/strategy/pricestab/},
	Year = {2016}}

@book{rogers,
	Author = {L. C. G. Rogers and D. Williams},
	Date-Added = {2016-03-27 00:18:59 +0000},
	Date-Modified = {2016-04-01 07:24:24 +0000},
	Publisher = {Cambridge University Press},
	Title = {Diffusions, Markov Processes, and Martingales},
	Year = {2000}}

@url{targeting-old,
	Author = {\uppercase{E}uropean \uppercase{C}entral \uppercase{B}ank},
	Date-Added = {2016-03-25 16:37:23 +0000},
	Date-Modified = {2016-04-01 07:51:21 +0000},
	Title = {\uppercase{D}efinition of price stability},
	Url = {https://www.ecb.europa.eu/mopo/strategy/pricestab/},
	Bdsk-Url-1 = {http://www.ecb.europa.eu/stats/prices/indic/forecast/}}

@url{targeting-bad,
	Author = {European Central Bank},
	Date-Added = {2016-03-25 16:32:03 +0000},
	Date-Modified = {2016-04-01 07:40:52 +0000},
	Title = {\uppercase{D}efinition of \uppercase{P}rice \uppercase{S}tability},
	Urldate = {https://www.ecb.europa.eu/mopo/strategy/pricestab/}}

@url{spf-site-old,
	Author = {\uppercase{E}uropean \uppercase{C}entral \uppercase{B}ank},
	Date-Added = {2016-03-25 02:33:55 +0000},
	Date-Modified = {2016-04-01 07:53:38 +0000},
	Title = {\uppercase{ECB} survey of professional forecasters \uppercase{SPF}},
	Url = {http://www.ecb.europa.eu/stats/prices/indic/forecast/},
	Bdsk-Url-1 = {http://www.ecb.europa.eu/stats/prices/indic/forecast/}}

@article{woodward-1990,
	Author = {G. T. Woodward},
	Date-Added = {2016-03-25 02:17:15 +0000},
	Date-Modified = {2016-04-01 07:28:03 +0000},
	Journal = {The Journal of Business},
	Number = {3},
	Pages = {373-398},
	Title = {\uppercase{T}he real thing: \uppercase{A} dynamic profile of the term structure of real interest rates},
	Volume = {63},
	Year = {1990}}

@techreport{ecb-review,
	Author = {C. Bowles and R. Friz and V. Genre and G. Kenny and A. Meyler and T. Rautanen},
	Date-Added = {2016-03-25 01:55:49 +0000},
	Date-Modified = {2016-04-01 07:10:29 +0000},
	Institution = {European Central Bank},
	Number = {59},
	Title = {The \uppercase{ECB} \uppercase{S}urvey of \uppercase{P}rofessional \uppercase{F}orecasters (\uppercase{SPF}): \uppercase{A} review after eight years' experience},
	Type = {\uppercase{O}ccasional \uppercase{P}aper \uppercase{S}eries},
	Year = {2007}}

@article{deoptim,
	Author = {K. M. Mullen and D. Ardia and D. L. Gil and D. Windover and J. Cline},
	Date-Added = {2016-03-24 22:01:41 +0000},
	Date-Modified = {2016-04-01 07:18:22 +0000},
	Journal = {Journal of Statistical Software},
	Number = {6},
	Pages = {1-26},
	Title = {\uppercase{DE}optim: \uppercase{A}n \uppercase{R} package for global optimization by differential evolution},
	Volume = {40},
	Year = {2011}}

@book{oksendal,
	Author = {B. {\O}ksendal},
	Date-Added = {2016-03-24 05:33:06 +0000},
	Date-Modified = {2016-04-01 07:18:35 +0000},
	Publisher = {Springer-Verlag Berlin Heidelberg},
	Title = {Stochastic Differential Equations: An Introduction with Applications},
	Year = {2000}}

@book{steele,
	Author = {J. Michael Steele},
	Date-Added = {2016-03-24 05:29:03 +0000},
	Date-Modified = {2016-03-24 05:29:54 +0000},
	Publisher = {Springer},
	Title = {Stochastic Calculus and Financial Applications},
	Year = {2010}}

@conference{perez-cruz-2008,
	Author = {F. P{\'e}rez-Cruz},
	Booktitle = {IEEE International Symposium on Information Theory},
	Date-Added = {2016-03-11 12:41:16 +0000},
	Date-Modified = {2016-04-01 07:22:29 +0000},
	Pages = {1666-1670},
	Title = {Kullback-\uppercase{L}eibler divergence estimation of continuous distributions},
	Year = {2008}}

@inbook{horowitz-2002,
	Author = {J. L. Horowitz},
	Chapter = {52},
	Date-Added = {2016-03-10 06:35:43 +0000},
	Date-Modified = {2016-04-01 08:26:34 +0000},
	Publisher = {Elsevier},
	Title = {Handbook of Econometrics},
	Year = {2002}}

@article{nielsen-shephard-2002,
	Author = {O. Barndorff-Nielsen and N. Shephard},
	Date-Added = {2016-03-10 00:07:12 +0000},
	Date-Modified = {2016-04-01 08:29:56 +0000},
	Journal = {Journal of the Royal Statistical Society: Series B (Statistical Methodology)},
	Number = {2},
	Pages = {253-280},
	Title = {Econometric analysis of realized volatility and its use in estimating stochastic volatility models},
	Volume = {64},
	Year = {2002}}

@article{durham-gallant-2002,
	Author = {G. B. Durham and A. R. Gallant},
	Date-Added = {2016-03-09 22:37:21 +0000},
	Date-Modified = {2016-04-01 07:12:17 +0000},
	Journal = {Journal of Business and Economic Statistics},
	Number = {3},
	Pages = {297-316},
	Title = {Numerical Techniques for Maximum Likelihood Estimation of Continuous-Time Diffusion Processes},
	Volume = {20},
	Year = {2002}}

@article{sahalia-2002,
	Author = {Y. A{\"\i}t-Sahalia},
	Date-Added = {2016-03-09 22:33:51 +0000},
	Date-Modified = {2016-04-01 07:02:35 +0000},
	Journal = {Econometrica},
	Number = {1},
	Pages = {223-262},
	Title = {Maximum Likelihood Estimation of Discretely Sampled Diffusions: A Closed-Form Approximation Approach},
	Volume = {70},
	Year = {2002}}

@article{sorensen-2004,
	Author = {H. S{\o}rensen},
	Date-Added = {2016-03-09 22:32:11 +0000},
	Date-Modified = {2016-04-01 07:35:17 +0000},
	Journal = {International Statistical Review},
	Number = {3},
	Pages = {337-354},
	Title = {Parametric Inference for Diffusion Processes Observed at Discrete Points in Time: \uppercase{a} Survey},
	Volume = {72},
	Year = {2004}}

@article{kim-pollard-1990,
	Author = {J. Kim and D. Pollard},
	Date-Added = {2016-03-09 19:13:30 +0000},
	Date-Modified = {2016-04-01 07:16:22 +0000},
	Journal = {The Annals of Statistics},
	Number = {1},
	Pages = {191-219},
	Title = {Cube Root Asymptotics},
	Volume = {18},
	Year = {1990}}

@article{breeden-litzenberger-1978,
	Author = {D. T. Breeden and R. H. Litzenberger},
	Date-Added = {2016-03-05 20:09:51 +0000},
	Date-Modified = {2016-04-01 07:11:38 +0000},
	Journal = {The Journal of Business},
	Number = {4},
	Pages = {621-651},
	Title = {Prices of State-Contingent Claims Implicit in Option Prices},
	Volume = {51},
	Year = {1978}}

@book{macauley,
	Author = {Herodotus},
	Date-Added = {2016-03-05 19:17:39 +0000},
	Date-Modified = {2016-03-24 07:03:05 +0000},
	Publisher = {Trans. G.C. Macauley. MacMillan and Co.},
	Title = {The History of Herodotus},
	Year = {1890}}

@article{barndorff-1978,
	Author = {O. Barndorff-Nielsen},
	Date-Added = {2016-02-28 21:57:42 +0000},
	Date-Modified = {2016-04-01 07:03:58 +0000},
	Journal = {Scandinavian Journal of Statistics},
	Pages = {151-157},
	Title = {Hyperbolic Distributions and Distributions on Hyperbolae},
	Volume = {5},
	Year = {1978}}

@article{janczura-2011,
	Author = {Joanna Janczura and Sebastian Orze{\l} and Agnieszka Wy{\l}oma{\'n}ska},
	Date-Added = {2016-02-28 03:54:47 +0000},
	Date-Modified = {2016-02-28 03:55:38 +0000},
	Journal = {Physica A},
	Title = {Subordinated alpha-stable Ornstein-Uhlenbeck process as a tool for financial data description},
	Year = {2011}}

@book{hirsa-2012,
	Author = {A. Hirsa},
	Date-Added = {2016-02-10 00:45:00 +0000},
	Date-Modified = {2016-04-01 07:15:58 +0000},
	Publisher = {Chapman and Hall/CRC},
	Title = {Computational Methods in Finance},
	Year = {2012}}

@article{heston-1993,
	Author = {Steven L. Heston},
	Date-Added = {2016-02-10 00:41:24 +0000},
	Date-Modified = {2016-02-10 00:42:28 +0000},
	Journal = {The Review of Financial Studies},
	Title = {A Closed-Form Solution for Options with Stochastic Volatility with Applications to Bond and Currency Options},
	Year = {1993}}

@article{cir-1985,
	Author = {John C. Cox and Jonathan E. Ingersoll and Stephen A. Ross},
	Date-Added = {2016-02-10 00:41:19 +0000},
	Date-Modified = {2016-02-10 00:41:19 +0000},
	Journal = {Econometrica},
	Title = {A Theory of the Term Structure of Interest Rates},
	Year = {1985}}

@article{elerian-chib-shephard-2001,
	Author = {O. Elerian and S. Chib and N. Shephard},
	Date-Added = {2016-02-06 17:28:29 +0000},
	Date-Modified = {2016-04-01 07:13:00 +0000},
	Journal = {Econometrica},
	Number = {4},
	Pages = {959-993},
	Title = {Likelihood Inference for Discretely Observed Nonlinear Diffusions},
	Volume = {69},
	Year = {2001}}

@article{pedersen-1995,
	Author = {A. R. Pedersen},
	Date-Added = {2016-02-06 17:26:23 +0000},
	Date-Modified = {2016-04-01 07:20:12 +0000},
	Journal = {Scandinavian Journal of Statistics},
	Number = {1},
	Pages = {55-71},
	Title = {A New Approach to Maximum Likelihood Estimation for Stochastic Differential Equations Based on Discrete Observations},
	Volume = {22},
	Year = {1995}}

@article{yoshida-1992,
	Author = {N. Yoshida},
	Date-Added = {2016-02-06 05:18:24 +0000},
	Date-Modified = {2016-04-01 08:27:19 +0000},
	Journal = {Journal of Multivariate Analysis},
	Pages = {220-242},
	Title = {Estimation for Diffusion Processes from Discrete Observation},
	Volume = {41},
	Year = {1992}}

@article{rao-1988,
	Author = {B. L. S. Prakasa-Rao},
	Date-Added = {2016-02-06 05:16:39 +0000},
	Date-Modified = {2016-04-01 07:23:38 +0000},
	Journal = {Contemporary Mathematics},
	Pages = {249-284},
	Title = {Statistical inference from sampled data for stochastic processes},
	Volume = {80},
	Year = {1988}}

@article{feigin-1976,
	Author = {Paul David Feigin},
	Date-Added = {2016-02-06 05:10:32 +0000},
	Date-Modified = {2016-02-06 05:11:28 +0000},
	Journal = {Advances in Applied Probability},
	Title = {Maximum Likelihood Estimation for Continuous-Time Stochastic Processes},
	Year = {1976}}

@article{wei-tanner-1990,
	Author = {G. C. G. Wei and M. A. Tanner},
	Date-Added = {2016-02-05 04:59:13 +0000},
	Date-Modified = {2016-04-01 07:26:32 +0000},
	Journal = {Journal of the American Statistical Association},
	Number = {411},
	Pages = {699-704},
	Title = {A \uppercase{M}onte \uppercase{C}arlo Implementation of the \uppercase{EM} Algorithm and the Poor Man's Data Augmentation Algorithms},
	Volume = {85},
	Year = {1990}}

@unpublished{borman-2006,
	Author = {S. Borman},
	Date-Added = {2016-02-05 03:40:59 +0000},
	Date-Modified = {2016-04-01 07:30:43 +0000},
	Note = {Unpublished note.},
	Title = {The \uppercase{E}xpectation \uppercase{M}aximization Algorithm: \uppercase{A} Short Tutorial}}

@article{white-1982,
	Author = {H. White},
	Date-Added = {2016-02-04 22:09:15 +0000},
	Date-Modified = {2016-04-01 07:26:53 +0000},
	Journal = {Econometrica},
	Number = {1},
	Pages = {1-25},
	Title = {Maximum Likelihood Estimation of Misspecified Models},
	Volume = {50},
	Year = {1982}}

@inproceedings{akaike-1973,
	Author = {H. Akaike},
	Booktitle = {Proceedings of the Second International Symposium of Information Theory},
	Date-Added = {2016-02-03 20:27:58 +0000},
	Date-Modified = {2016-04-01 06:57:35 +0000},
	Editor = {B. N. Petrov and F. Cs{\'a}ki},
	Pages = {610-624},
	Title = {Information Theory and an Extension of the Likelihood Principle},
	Year = {1973}}

@article{roberts-stramer-2001,
	Author = {G. O. Roberts and O. Stramer},
	Date-Added = {2016-02-01 19:21:06 +0000},
	Date-Modified = {2016-04-01 07:24:14 +0000},
	Journal = {Biometrika},
	Number = {3},
	Pages = {603-621},
	Title = {On inference for partially observed nonlinear diffusion models using the \uppercase{M}etropolis-\uppercase{H}astings algorithm},
	Volume = {88},
	Year = {2001}}

@article{dempster-1977,
	Author = {A. P. Dempster and N. M. Laird and D. B. Rubin},
	Date-Added = {2016-02-01 17:01:47 +0000},
	Date-Modified = {2016-04-01 07:12:27 +0000},
	Journal = {Journal of the Royal Statistical Society: Series B (Methodological)},
	Number = {1},
	Pages = {1-38},
	Title = {Maximum Likelihood from Incomplete Data via the \uppercase{EM} Algorithm},
	Volume = {39},
	Year = {1977}}

@article{beskos-2006,
	Author = {A. Beskos and O. Papaspiliopoulos and G. O. Roberts and P. Fearnhead},
	Date-Added = {2016-02-01 16:58:23 +0000},
	Date-Modified = {2016-04-01 07:07:00 +0000},
	Journal = {Journal of the Royal Statistical Society: Series B (Statistical Methodology)},
	Number = {3},
	Pages = {333-382},
	Title = {Exact and computationally efficient likelihood-based estimation for discretely observed diffusion processes},
	Volume = {68},
	Year = {2006}}

@article{bladt-finch-sorenson-2015,
	Author = {Mogens Bladt and Samuel Finch and Michael S{\o}rensen},
	Date-Added = {2016-02-01 03:04:10 +0000},
	Date-Modified = {2016-02-01 17:02:47 +0000},
	Journal = {Journal of the Royal Statistical Society: Series B (Statistical Methodology)},
	Title = {Simulation of multivariate diffusion bridges},
	Year = {2015}}

@article{andrieu-roberts,
	Author = {C. Andrieu and G. O. Roberts},
	Date-Added = {2016-01-30 04:48:03 +0000},
	Date-Modified = {2016-04-01 07:03:36 +0000},
	Journal = {The Annals of Statistics},
	Number = {2},
	Pages = {697-725},
	Title = {The pseudo-marginal approach for efficient \uppercase{M}onte \uppercase{C}arlo computations},
	Volume = {37},
	Year = {2009}}

@techreport{bolder-liu-2007,
	Author = {David Jamieson Bolder and Shudan Liu},
	Date-Added = {2016-01-30 04:10:40 +0000},
	Date-Modified = {2016-01-30 04:11:19 +0000},
	Institution = {Bank of Canada},
	Title = {Examining Simple Joint Macroeconomic and Term-Structure Models: A Practitioner's Perspective},
	Year = {2007}}

@techreport{wu-zhang-2005,
	Author = {Liuren Wu and Frank Xiaoling Zhang},
	Date-Added = {2016-01-30 04:08:35 +0000},
	Date-Modified = {2016-01-30 04:09:29 +0000},
	Institution = {Federal Reserve Board},
	Title = {A No-Arbitrage Analysis of Economic Determinants of the Credit Spread Term Structure},
	Year = {2005}}

@article{richard-2013,
	Annote = {OU process for inflation, unemloyment, and economic growth},
	Author = {Scott F. Richard},
	Date-Added = {2016-01-29 22:37:10 +0000},
	Date-Modified = {2016-01-29 22:38:34 +0000},
	Journal = {The Wharton School Research Paper Series},
	Title = {A Non-Linear Macroeconomic Term Structure Model},
	Year = {2013}}

@article{cite-key,
	Date-Added = {2015-12-28 20:23:18 +0000},
	Date-Modified = {2015-12-28 20:23:18 +0000}}

@article{beskos-roberts-2005,
	Author = {A. Beskos and G. O. Roberts},
	Date-Added = {2015-12-26 22:09:12 +0000},
	Date-Modified = {2016-04-01 07:06:17 +0000},
	Journal = {The Annals of Applied Probability},
	Number = {4},
	Pages = {2422-2444},
	Title = {Exact Simulation of Diffusions},
	Volume = {15},
	Year = {2005}}

@book{kloeden-1992,
	Author = {P. E. Kloeden and E. Platen},
	Date-Added = {2015-12-25 19:35:46 +0000},
	Date-Modified = {2016-04-01 07:16:31 +0000},
	Publisher = {Springer-Verlag Berlin Heidelberg},
	Title = {Numerical Solution of Stochastic Differential Equations},
	Year = {1992}}

@inbook{papa-roberts-2012,
	Author = {O. Papaspiliopoulos and G. O. Roberts},
	Chapter = {4},
	Date-Added = {2015-12-25 03:01:08 +0000},
	Date-Modified = {2016-04-01 08:24:17 +0000},
	Editor = {M. Kessler and A. Lindner and M. S{\o}rensen},
	Publisher = {Chapman and Hall/CRC},
	Title = {Statistical Methods for Stochastic Differential Equations},
	Year = {2012}}

@article{silverstein-1974,
	Author = {Martin L. Silverstein},
	Date-Added = {2015-12-24 22:04:45 +0000},
	Date-Modified = {2015-12-24 22:05:06 +0000},
	Journal = {The Annals of Probability},
	Title = {Symmetric Markov Chains},
	Year = {1974}}

@article{kent-1978,
	Author = {John Kent},
	Date-Added = {2015-12-24 20:30:22 +0000},
	Date-Modified = {2015-12-24 20:30:48 +0000},
	Journal = {Advances in Applied Probability},
	Title = {Time-Reversible Diffusions},
	Year = {1978}}

@article{bladt-sorensen-2014,
	Author = {M. Bladt and M. S{\o}rensen},
	Date-Added = {2015-12-23 19:27:57 +0000},
	Date-Modified = {2016-04-01 07:07:38 +0000},
	Journal = {Bernouilli},
	Number = {2},
	Pages = {645-675},
	Title = {Simple simulation of diffusion bridges with application to likelihood inference for diffusions},
	Volume = {20},
	Year = {2014}}

@book{levy-1948,
	Author = {Paul L{\'e}vy},
	Date-Added = {2015-12-22 17:13:01 +0000},
	Date-Modified = {2015-12-22 17:13:25 +0000},
	Publisher = {Gauthier-Villars},
	Title = {Processes Stochastiques et Mouvement Brownien},
	Year = {1948}}

@article{baudoin-2002,
	Author = {F. Baudoin},
	Date-Added = {2015-12-21 00:03:30 +0000},
	Date-Modified = {2016-04-01 07:05:04 +0000},
	Journal = {Stochastic Processes and their Applications},
	Number = {1-2},
	Pages = {109-145},
	Title = {Conditioned stochastic differential equations: \uppercase{t}heory, examples, and application to finance},
	Volume = {100},
	Year = {2002}}

@article{baudoin-coutin-2007,
	Author = {F. Baudoin and L. Coutin},
	Date-Added = {2015-12-20 23:55:12 +0000},
	Date-Modified = {2016-04-01 07:01:45 +0000},
	Journal = {Markov Process and Related Fields},
	Number = {3},
	Pages = {587-596},
	Title = {Volterra Bridges and Applications},
	Volume = {13},
	Year = {2007}}

@article{sottinen-yazigi-2014,
	Author = {T. Sottinen and A. Yazigi},
	Date-Added = {2015-12-20 18:05:48 +0000},
	Date-Modified = {2016-04-01 07:25:49 +0000},
	Journal = {Stochastic Processes and their Applications},
	Number = {9},
	Pages = {3084-3105},
	Title = {Generalized \uppercase{G}aussian bridges},
	Volume = {124},
	Year = {2014}}

@article{alili-2002,
	Author = {L. Alili},
	Date-Added = {2015-12-20 18:02:11 +0000},
	Date-Modified = {2016-04-01 07:03:10 +0000},
	Journal = {Electronic Communications in Probability},
	Pages = {27-35},
	Title = {Canonical Decompositions of Certain Generalized \uppercase{B}rownian Bridges},
	Volume = {7},
	Year = {2002}}

@book{breiman-1968,
	Author = {Leo Breiman},
	Date-Added = {2015-12-19 19:24:38 +0000},
	Date-Modified = {2015-12-19 19:25:00 +0000},
	Publisher = {Addison-Wesley},
	Title = {Probability},
	Year = {1968}}

@article{nikodym-1930,
	Author = {Otton Nikodym},
	Date-Added = {2015-12-19 16:54:34 +0000},
	Date-Modified = {2015-12-19 16:55:35 +0000},
	Journal = {Fundamenta Mathematicae},
	Title = {Sur une g{\'e}n{\'e}ralisation des int{\'e}grales de M. J. Radon},
	Year = {1930}}

@book{doob-1953,
	Author = {Joseph Leo Doob},
	Date-Added = {2015-12-19 16:00:56 +0000},
	Date-Modified = {2015-12-19 16:01:34 +0000},
	Publisher = {Wiley-Interscience},
	Title = {Stochastic Processes},
	Year = {1953}}

@article{leonard-2014,
	Author = {C. L{\'e}onard and S. Roelly and J. C. Zambrini},
	Date-Added = {2015-12-19 14:14:38 +0000},
	Date-Modified = {2016-04-01 07:31:49 +0000},
	Journal = {Probability Surveys},
	Pages = {237-269},
	Title = {Reciprocal processes: \uppercase{A} measure-theoretical point of view},
	Volume = {11},
	Year = {2014},
	Bdsk-File-1 = {YnBsaXN0MDDUAQIDBAUGJCVYJHZlcnNpb25YJG9iamVjdHNZJGFyY2hpdmVyVCR0b3ASAAGGoKgHCBMUFRYaIVUkbnVsbNMJCgsMDxJXTlMua2V5c1pOUy5vYmplY3RzViRjbGFzc6INDoACgAOiEBGABIAFgAdccmVsYXRpdmVQYXRoWWFsaWFzRGF0YV8QWS4uL290aGVyL3JlZmVyZW5jZXMvYnJpZGdlcy9SZWNpcHJvY2FsIHByb2Nlc3Nlcy4gQSBtZWFzdXJlLXRoZW9yZXRpY2FsIHBvaW50IG9mIHZpZXcucGRm0hcLGBlXTlMuZGF0YU8RAoYAAAAAAoYAAgAADE1hY2ludG9zaCBIRAAAAAAAAAAAAAAAAAAAAMvhcaBIKwAABe3eTR9SZWNpcHJvY2FsIHByb2Nlc3NlIzYwMTJGRkIucGRmAAAAAAAAAAAAAAAAAAAAAAAAAAAAAAAAAAAAAAAAAAAGAS/70n1P4gAAAAAAAAAAAAEABAAACSAAAAAAAAAAAAAAAAAAAAAHYnJpZGdlcwAAEAAIAADL4angAAAAEQAIAADSfZYyAAAAAQAgBe3eTQW3PVkGPlW7BZxs5gVQZwkABfXNAAX1zAAAwCkAAgB0TWFjaW50b3NoIEhEOlVzZXJzOgBtYXJzaGFsbDoARG9jdW1lbnRzOgBzZW5pb3I6AHRoZXNpczoAb3RoZXI6AHJlZmVyZW5jZXM6AGJyaWRnZXM6AFJlY2lwcm9jYWwgcHJvY2Vzc2UjNjAxMkZGQi5wZGYADgB8AD0AUgBlAGMAaQBwAHIAbwBjAGEAbAAgAHAAcgBvAGMAZQBzAHMAZQBzAC4AIABBACAAbQBlAGEAcwB1AHIAZQAtAHQAaABlAG8AcgBlAHQAaQBjAGEAbAAgAHAAbwBpAG4AdAAgAG8AZgAgAHYAaQBlAHcALgBwAGQAZgAPABoADABNAGEAYwBpAG4AdABvAHMAaAAgAEgARAASAH1Vc2Vycy9tYXJzaGFsbC9Eb2N1bWVudHMvc2VuaW9yL3RoZXNpcy9vdGhlci9yZWZlcmVuY2VzL2JyaWRnZXMvUmVjaXByb2NhbCBwcm9jZXNzZXMuIEEgbWVhc3VyZS10aGVvcmV0aWNhbCBwb2ludCBvZiB2aWV3LnBkZgAAEwABLwAAFQACAA///wAAgAbSGxwdHlokY2xhc3NuYW1lWCRjbGFzc2VzXU5TTXV0YWJsZURhdGGjHR8gVk5TRGF0YVhOU09iamVjdNIbHCIjXE5TRGljdGlvbmFyeaIiIF8QD05TS2V5ZWRBcmNoaXZlctEmJ1Ryb290gAEACAARABoAIwAtADIANwBAAEYATQBVAGAAZwBqAGwAbgBxAHMAdQB3AIQAjgDqAO8A9wOBA4MDiAOTA5wDqgOuA7UDvgPDA9AD0wPlA+gD7QAAAAAAAAIBAAAAAAAAACgAAAAAAAAAAAAAAAAAAAPv}}

@inproceedings{fitz-pitman-1993,
	Annote = {earliest reference to the existence of bridge measures},
	Author = {P. Fitzsimmons and J. Pitman and M. Yor},
	Booktitle = {Seminar on Stochastic Processes},
	Date-Added = {2015-12-19 02:07:00 +0000},
	Date-Modified = {2016-04-01 07:16:08 +0000},
	Pages = {101-134},
	Title = {Markovian Bridges: \uppercase{C}onstruction, \uppercase{P}alm Interpretation, and Splicing},
	Volume = {33},
	Year = {1993},
	Bdsk-File-1 = {YnBsaXN0MDDUAQIDBAUGJCVYJHZlcnNpb25YJG9iamVjdHNZJGFyY2hpdmVyVCR0b3ASAAGGoKgHCBMUFRYaIVUkbnVsbNMJCgsMDxJXTlMua2V5c1pOUy5vYmplY3RzViRjbGFzc6INDoACgAOiEBGABIAFgAdccmVsYXRpdmVQYXRoWWFsaWFzRGF0YV8QMS4uL290aGVyL3JlZmVyZW5jZXMvYnJpZGdlcy9NYXJrb3ZpYW4gQnJpZGdlcy5wZGbSFwsYGVdOUy5kYXRhTxECBAAAAAACBAACAAAMTWFjaW50b3NoIEhEAAAAAAAAAAAAAAAAAAAAy+FxoEgrAAAF7d5NFU1hcmtvdmlhbiBCcmlkZ2VzLnBkZgAAAAAAAAAAAAAAAAAAAAAAAAAAAAAAAAAAAAAAAAAAAAAAAAAAAAAAAAYAcIjSmiXoAAAAAAAAAAAAAQAEAAAJIAAAAAAAAAAAAAAAAAAAAAdicmlkZ2VzAAAQAAgAAMvhqeAAAAARAAgAANKabDgAAAABACAF7d5NBbc9WQY+VbsFnGzmBVBnCQAF9c0ABfXMAADAKQACAGpNYWNpbnRvc2ggSEQ6VXNlcnM6AG1hcnNoYWxsOgBEb2N1bWVudHM6AHNlbmlvcjoAdGhlc2lzOgBvdGhlcjoAcmVmZXJlbmNlczoAYnJpZGdlczoATWFya292aWFuIEJyaWRnZXMucGRmAA4ALAAVAE0AYQByAGsAbwB2AGkAYQBuACAAQgByAGkAZABnAGUAcwAuAHAAZABmAA8AGgAMAE0AYQBjAGkAbgB0AG8AcwBoACAASABEABIAVVVzZXJzL21hcnNoYWxsL0RvY3VtZW50cy9zZW5pb3IvdGhlc2lzL290aGVyL3JlZmVyZW5jZXMvYnJpZGdlcy9NYXJrb3ZpYW4gQnJpZGdlcy5wZGYAABMAAS8AABUAAgAP//8AAIAG0hscHR5aJGNsYXNzbmFtZVgkY2xhc3Nlc11OU011dGFibGVEYXRhox0fIFZOU0RhdGFYTlNPYmplY3TSGxwiI1xOU0RpY3Rpb25hcnmiIiBfEA9OU0tleWVkQXJjaGl2ZXLRJidUcm9vdIABAAgAEQAaACMALQAyADcAQABGAE0AVQBgAGcAagBsAG4AcQBzAHUAdwCEAI4AwgDHAM8C1wLZAt4C6QLyAwADBAMLAxQDGQMmAykDOwM+A0MAAAAAAAACAQAAAAAAAAAoAAAAAAAAAAAAAAAAAAADRQ==}}

@book{stroock-varadhan-1997,
	Annote = {2.2.2 is the proof of unique markov measure},
	Author = {Daniel W. Stroock and S.R. Srinivasa Varadhan},
	Date-Added = {2015-11-27 21:47:33 +0000},
	Date-Modified = {2015-11-27 21:50:40 +0000},
	Publisher = {Springer},
	Title = {Multidimensional Diffusion Processes},
	Year = {1997}}

@book{fristedt-gray-1996,
	Annote = {Section 22.1 and 22.3 - construction of Markov measure},
	Author = {Bert Fristedt and Lawrence Gray},
	Date-Added = {2015-11-27 17:54:01 +0000},
	Date-Modified = {2015-11-27 18:26:19 +0000},
	Publisher = {Birkha{\"u}ser},
	Title = {A Modern Approach to Probability Theory},
	Year = {1997},
	Bdsk-File-1 = {YnBsaXN0MDDUAQIDBAUGJCVYJHZlcnNpb25YJG9iamVjdHNZJGFyY2hpdmVyVCR0b3ASAAGGoKgHCBMUFRYaIVUkbnVsbNMJCgsMDxJXTlMua2V5c1pOUy5vYmplY3RzViRjbGFzc6INDoACgAOiEBGABIAFgAdccmVsYXRpdmVQYXRoWWFsaWFzRGF0YV8QOS4uL3JlZmVyZW5jZXMvQSBNb2Rlcm4gQXBwcm9hY2ggdG8gUHJvYmFiaWxpdHkgVGhlb3J5LnBkZtIXCxgZV05TLmRhdGFPEQIsAAAAAAIsAAIAAAxNYWNpbnRvc2ggSEQAAAAAAAAAAAAAAAAAAADL4XGgSCsAAAW3PVkfQSBNb2Rlcm4gQXBwcm9hY2ggdCM1RTdBQkE2LnBkZgAAAAAAAAAAAAAAAAAAAAAAAAAAAAAAAAAAAAAAAAAABeerptJ+As0AAAAAAAAAAAABAAIAAAkgAAAAAAAAAAAAAAAAAAAACnJlZmVyZW5jZXMAEAAIAADL4angAAAAEQAIAADSfkkdAAAAAQAYBbc9WQWcbOYFUGcJAAX1zQAF9cwAAMApAAIAZE1hY2ludG9zaCBIRDpVc2VyczoAbWFyc2hhbGw6AERvY3VtZW50czoAc2VuaW9yOgB0aGVzaXM6AHJlZmVyZW5jZXM6AEEgTW9kZXJuIEFwcHJvYWNoIHQjNUU3QUJBNi5wZGYADgBYACsAQQAgAE0AbwBkAGUAcgBuACAAQQBwAHAAcgBvAGEAYwBoACAAdABvACAAUAByAG8AYgBhAGIAaQBsAGkAdAB5ACAAVABoAGUAbwByAHkALgBwAGQAZgAPABoADABNAGEAYwBpAG4AdABvAHMAaAAgAEgARAASAF1Vc2Vycy9tYXJzaGFsbC9Eb2N1bWVudHMvc2VuaW9yL3RoZXNpcy9yZWZlcmVuY2VzL0EgTW9kZXJuIEFwcHJvYWNoIHRvIFByb2JhYmlsaXR5IFRoZW9yeS5wZGYAABMAAS8AABUAAgAP//8AAIAG0hscHR5aJGNsYXNzbmFtZVgkY2xhc3Nlc11OU011dGFibGVEYXRhox0fIFZOU0RhdGFYTlNPYmplY3TSGxwiI1xOU0RpY3Rpb25hcnmiIiBfEA9OU0tleWVkQXJjaGl2ZXLRJidUcm9vdIABAAgAEQAaACMALQAyADcAQABGAE0AVQBgAGcAagBsAG4AcQBzAHUAdwCEAI4AygDPANcDBwMJAw4DGQMiAzADNAM7A0QDSQNWA1kDawNuA3MAAAAAAAACAQAAAAAAAAAoAAAAAAAAAAAAAAAAAAADdQ==}}

@book{rossi-2014,
	Author = {Peter Rossi},
	Date-Added = {2015-10-10 16:36:25 +0000},
	Date-Modified = {2015-10-10 16:37:02 +0000},
	Keywords = {mixture of normals},
	Publisher = {Princeton University Press},
	Title = {Bayesian Non- and Semi-parametric Methods and Applications},
	Year = {2014}}

@article{unal-khalique:2008,
	Author = {Gazanfer {\"U}nal and C Masood Khalique},
	Date-Added = {2015-10-08 19:25:25 +0000},
	Date-Modified = {2015-10-10 16:37:42 +0000},
	Journal = {Journal of Nonlinear Mathematical Physics},
	Keywords = {fpe},
	Pages = {211-221},
	Title = {Exact Time Dependent Solutions to (1+1) Fokker-Planck Equation via Linearizing Transformations to the It{\^o} Equations},
	Volume = {15},
	Year = {2008},
	Bdsk-File-1 = {YnBsaXN0MDDUAQIDBAUGJCVYJHZlcnNpb25YJG9iamVjdHNZJGFyY2hpdmVyVCR0b3ASAAGGoKgHCBMUFRYaIVUkbnVsbNMJCgsMDxJXTlMua2V5c1pOUy5vYmplY3RzViRjbGFzc6INDoACgAOiEBGABIAFgAdccmVsYXRpdmVQYXRoWWFsaWFzRGF0YV8QOi4uL290aGVyL3JlZmVyZW5jZXMvZnBlL0V4YWN0IFRpbWUgRGVwZW5kZW50IFNvbHV0aW9ucy5wZGbSFwsYGVdOUy5kYXRhTxECKAAAAAACKAACAAAMTWFjaW50b3NoIEhEAAAAAAAAAAAAAAAAAAAAy+FxoEgrAAAF7d6EH0V4YWN0IFRpbWUgRGVwZW5kZW4jNUI5ODQyMi5wZGYAAAAAAAAAAAAAAAAAAAAAAAAAAAAAAAAAAAAAAAAAAAW5hCLSPDtKAAAAAAAAAAAAAQAEAAAJIAAAAAAAAAAAAAAAAAAAAANmcGUAABAACAAAy+Gp4AAAABEACAAA0jxzigAAAAEAIAXt3oQFtz1ZBj5VuwWcbOYFUGcJAAX1zQAF9cwAAMApAAIAcE1hY2ludG9zaCBIRDpVc2VyczoAbWFyc2hhbGw6AERvY3VtZW50czoAc2VuaW9yOgB0aGVzaXM6AG90aGVyOgByZWZlcmVuY2VzOgBmcGU6AEV4YWN0IFRpbWUgRGVwZW5kZW4jNUI5ODQyMi5wZGYADgBGACIARQB4AGEAYwB0ACAAVABpAG0AZQAgAEQAZQBwAGUAbgBkAGUAbgB0ACAAUwBvAGwAdQB0AGkAbwBuAHMALgBwAGQAZgAPABoADABNAGEAYwBpAG4AdABvAHMAaAAgAEgARAASAF5Vc2Vycy9tYXJzaGFsbC9Eb2N1bWVudHMvc2VuaW9yL3RoZXNpcy9vdGhlci9yZWZlcmVuY2VzL2ZwZS9FeGFjdCBUaW1lIERlcGVuZGVudCBTb2x1dGlvbnMucGRmABMAAS8AABUAAgAP//8AAIAG0hscHR5aJGNsYXNzbmFtZVgkY2xhc3Nlc11OU011dGFibGVEYXRhox0fIFZOU0RhdGFYTlNPYmplY3TSGxwiI1xOU0RpY3Rpb25hcnmiIiBfEA9OU0tleWVkQXJjaGl2ZXLRJidUcm9vdIABAAgAEQAaACMALQAyADcAQABGAE0AVQBgAGcAagBsAG4AcQBzAHUAdwCEAI4AywDQANgDBAMGAwsDFgMfAy0DMQM4A0EDRgNTA1YDaANrA3AAAAAAAAACAQAAAAAAAAAoAAAAAAAAAAAAAAAAAAADcg==}}

@article{fa:2005,
	Author = {Kwok Sau Fa},
	Date-Added = {2015-10-08 17:35:04 +0000},
	Date-Modified = {2015-10-10 16:37:47 +0000},
	Journal = {Physical Review E},
	Keywords = {fpe},
	Title = {Fokker-Planck equation with variable diffusion coefficient in the Stratonovich approach},
	Volume = {72},
	Year = {2005},
	Bdsk-File-1 = {YnBsaXN0MDDUAQIDBAUGJCVYJHZlcnNpb25YJG9iamVjdHNZJGFyY2hpdmVyVCR0b3ASAAGGoKgHCBMUFRYaIVUkbnVsbNMJCgsMDxJXTlMua2V5c1pOUy5vYmplY3RzViRjbGFzc6INDoACgAOiEBGABIAFgAdccmVsYXRpdmVQYXRoWWFsaWFzRGF0YV8Qcy4uL290aGVyL3JlZmVyZW5jZXMvZnBlL0Zva2tlci1QbGFuY2sgZXF1YXRpb24gd2l0aCB2YXJpYWJsZSBkaWZmdXNpb24gY29lZmZpY2llbnQgaW4gdGhlIFN0cmF0b25vdmljaCBhcHByb2FjaC5wZGbSFwsYGVdOUy5kYXRhTxEC1AAAAAAC1AACAAAMTWFjaW50b3NoIEhEAAAAAAAAAAAAAAAAAAAAy+FxoEgrAAAF7d6EH0Zva2tlci1QbGFuY2sgZXF1YXQjNUI4OTA2Qy5wZGYAAAAAAAAAAAAAAAAAAAAAAAAAAAAAAAAAAAAAAAAAAAW4kGzSPCE1AAAAAAAAAAAAAQAEAAAJIAAAAAAAAAAAAAAAAAAAAANmcGUAABAACAAAy+Gp4AAAABEACAAA0jxZdQAAAAEAIAXt3oQFtz1ZBj5VuwWcbOYFUGcJAAX1zQAF9cwAAMApAAIAcE1hY2ludG9zaCBIRDpVc2VyczoAbWFyc2hhbGw6AERvY3VtZW50czoAc2VuaW9yOgB0aGVzaXM6AG90aGVyOgByZWZlcmVuY2VzOgBmcGU6AEZva2tlci1QbGFuY2sgZXF1YXQjNUI4OTA2Qy5wZGYADgC4AFsARgBvAGsAawBlAHIALQBQAGwAYQBuAGMAawAgAGUAcQB1AGEAdABpAG8AbgAgAHcAaQB0AGgAIAB2AGEAcgBpAGEAYgBsAGUAIABkAGkAZgBmAHUAcwBpAG8AbgAgAGMAbwBlAGYAZgBpAGMAaQBlAG4AdAAgAGkAbgAgAHQAaABlACAAUwB0AHIAYQB0AG8AbgBvAHYAaQBjAGgAIABhAHAAcAByAG8AYQBjAGgALgBwAGQAZgAPABoADABNAGEAYwBpAG4AdABvAHMAaAAgAEgARAASAJdVc2Vycy9tYXJzaGFsbC9Eb2N1bWVudHMvc2VuaW9yL3RoZXNpcy9vdGhlci9yZWZlcmVuY2VzL2ZwZS9Gb2trZXItUGxhbmNrIGVxdWF0aW9uIHdpdGggdmFyaWFibGUgZGlmZnVzaW9uIGNvZWZmaWNpZW50IGluIHRoZSBTdHJhdG9ub3ZpY2ggYXBwcm9hY2gucGRmAAATAAEvAAAVAAIAD///AACABtIbHB0eWiRjbGFzc25hbWVYJGNsYXNzZXNdTlNNdXRhYmxlRGF0YaMdHyBWTlNEYXRhWE5TT2JqZWN00hscIiNcTlNEaWN0aW9uYXJ5oiIgXxAPTlNLZXllZEFyY2hpdmVy0SYnVHJvb3SAAQAIABEAGgAjAC0AMgA3AEAARgBNAFUAYABnAGoAbABuAHEAcwB1AHcAhACOAQQBCQERA+kD6wPwA/sEBAQSBBYEHQQmBCsEOAQ7BE0EUARVAAAAAAAAAgEAAAAAAAAAKAAAAAAAAAAAAAAAAAAABFc=}}

@article{fa:2011,
	Author = {Kwok Sau Fa},
	Date-Added = {2015-10-08 17:19:37 +0000},
	Date-Modified = {2015-10-10 16:37:53 +0000},
	Journal = {Physical Review E},
	Keywords = {fpe},
	Month = {July},
	Number = {1},
	Title = {Solution of Fokker-Planck equation for a broad class of drift and diffusion coefficients},
	Volume = {84},
	Year = {2011},
	Bdsk-File-1 = {YnBsaXN0MDDUAQIDBAUGJCVYJHZlcnNpb25YJG9iamVjdHNZJGFyY2hpdmVyVCR0b3ASAAGGoKgHCBMUFRYaIVUkbnVsbNMJCgsMDxJXTlMua2V5c1pOUy5vYmplY3RzViRjbGFzc6INDoACgAOiEBGABIAFgAdccmVsYXRpdmVQYXRoWWFsaWFzRGF0YV8QdS4uL290aGVyL3JlZmVyZW5jZXMvZnBlL1NvbHV0aW9ucyBvZiBGb2trZXItUGxhbmNrIGVxdWF0aW9uIGZvciBhIGJyb2FkIGNsYXNzIG9mIGRyaWZ0IGFuZCBkaWZmdXNpb24gY29lZmZpY2llbnRzLnBkZtIXCxgZV05TLmRhdGFPEQLaAAAAAALaAAIAAAxNYWNpbnRvc2ggSEQAAAAAAAAAAAAAAAAAAADL4XGgSCsAAAXt3oQfU29sdXRpb25zIG9mIEZva2tlciM1Qjg4NzY1LnBkZgAAAAAAAAAAAAAAAAAAAAAAAAAAAAAAAAAAAAAAAAAABbiHZdI8HccAAAAAAAAAAAABAAQAAAkgAAAAAAAAAAAAAAAAAAAAA2ZwZQAAEAAIAADL4angAAAAEQAIAADSPFYHAAAAAQAgBe3ehAW3PVkGPlW7BZxs5gVQZwkABfXNAAX1zAAAwCkAAgBwTWFjaW50b3NoIEhEOlVzZXJzOgBtYXJzaGFsbDoARG9jdW1lbnRzOgBzZW5pb3I6AHRoZXNpczoAb3RoZXI6AHJlZmVyZW5jZXM6AGZwZToAU29sdXRpb25zIG9mIEZva2tlciM1Qjg4NzY1LnBkZgAOALwAXQBTAG8AbAB1AHQAaQBvAG4AcwAgAG8AZgAgAEYAbwBrAGsAZQByAC0AUABsAGEAbgBjAGsAIABlAHEAdQBhAHQAaQBvAG4AIABmAG8AcgAgAGEAIABiAHIAbwBhAGQAIABjAGwAYQBzAHMAIABvAGYAIABkAHIAaQBmAHQAIABhAG4AZAAgAGQAaQBmAGYAdQBzAGkAbwBuACAAYwBvAGUAZgBmAGkAYwBpAGUAbgB0AHMALgBwAGQAZgAPABoADABNAGEAYwBpAG4AdABvAHMAaAAgAEgARAASAJlVc2Vycy9tYXJzaGFsbC9Eb2N1bWVudHMvc2VuaW9yL3RoZXNpcy9vdGhlci9yZWZlcmVuY2VzL2ZwZS9Tb2x1dGlvbnMgb2YgRm9ra2VyLVBsYW5jayBlcXVhdGlvbiBmb3IgYSBicm9hZCBjbGFzcyBvZiBkcmlmdCBhbmQgZGlmZnVzaW9uIGNvZWZmaWNpZW50cy5wZGYAABMAAS8AABUAAgAP//8AAIAG0hscHR5aJGNsYXNzbmFtZVgkY2xhc3Nlc11OU011dGFibGVEYXRhox0fIFZOU0RhdGFYTlNPYmplY3TSGxwiI1xOU0RpY3Rpb25hcnmiIiBfEA9OU0tleWVkQXJjaGl2ZXLRJidUcm9vdIABAAgAEQAaACMALQAyADcAQABGAE0AVQBgAGcAagBsAG4AcQBzAHUAdwCEAI4BBgELARMD8QPzA/gEAwQMBBoEHgQlBC4EMwRABEMEVQRYBF0AAAAAAAACAQAAAAAAAAAoAAAAAAAAAAAAAAAAAAAEXw==}}

@book{karlin-taylor:1981,
	Author = {Samuel Karlin and Howard Taylor},
	Date-Added = {2015-10-08 05:33:03 +0000},
	Date-Modified = {2015-10-10 16:37:22 +0000},
	Keywords = {bridges, sde},
	Publisher = {Academic Press},
	Title = {A Second Course in Stochastic Processes},
	Year = {1981},
	Bdsk-File-1 = {YnBsaXN0MDDUAQIDBAUGJCVYJHZlcnNpb25YJG9iamVjdHNZJGFyY2hpdmVyVCR0b3ASAAGGoKgHCBMUFRYaIVUkbnVsbNMJCgsMDxJXTlMua2V5c1pOUy5vYmplY3RzViRjbGFzc6INDoACgAOiEBGABIAFgAdccmVsYXRpdmVQYXRoWWFsaWFzRGF0YV8QRS4uL290aGVyL3JlZmVyZW5jZXMvdGV4dHMvQSBTZWNvbmQgQ291cnNlIGluIFN0b2NoYXN0aWMgUHJvY2Vzc2VzLnBkZtIXCxgZV05TLmRhdGFPEQJKAAAAAAJKAAIAAAxNYWNpbnRvc2ggSEQAAAAAAAAAAAAAAAAAAADL4XGgSCsAAAXt3WAfQSBTZWNvbmQgQ291cnNlIGluICM1Qjg0MTcxLnBkZgAAAAAAAAAAAAAAAAAAAAAAAAAAAAAAAAAAAAAAAAAABbhBcdI7dfwAAAAAAAAAAAABAAQAAAkgAAAAAAAAAAAAAAAAAAAABXRleHRzAAAQAAgAAMvhqeAAAAARAAgAANI7rjwAAAABACAF7d1gBbc9WQY+VbsFnGzmBVBnCQAF9c0ABfXMAADAKQACAHJNYWNpbnRvc2ggSEQ6VXNlcnM6AG1hcnNoYWxsOgBEb2N1bWVudHM6AHNlbmlvcjoAdGhlc2lzOgBvdGhlcjoAcmVmZXJlbmNlczoAdGV4dHM6AEEgU2Vjb25kIENvdXJzZSBpbiAjNUI4NDE3MS5wZGYADgBYACsAQQAgAFMAZQBjAG8AbgBkACAAQwBvAHUAcgBzAGUAIABpAG4AIABTAHQAbwBjAGgAYQBzAHQAaQBjACAAUAByAG8AYwBlAHMAcwBlAHMALgBwAGQAZgAPABoADABNAGEAYwBpAG4AdABvAHMAaAAgAEgARAASAGlVc2Vycy9tYXJzaGFsbC9Eb2N1bWVudHMvc2VuaW9yL3RoZXNpcy9vdGhlci9yZWZlcmVuY2VzL3RleHRzL0EgU2Vjb25kIENvdXJzZSBpbiBTdG9jaGFzdGljIFByb2Nlc3Nlcy5wZGYAABMAAS8AABUAAgAP//8AAIAG0hscHR5aJGNsYXNzbmFtZVgkY2xhc3Nlc11OU011dGFibGVEYXRhox0fIFZOU0RhdGFYTlNPYmplY3TSGxwiI1xOU0RpY3Rpb25hcnmiIiBfEA9OU0tleWVkQXJjaGl2ZXLRJidUcm9vdIABAAgAEQAaACMALQAyADcAQABGAE0AVQBgAGcAagBsAG4AcQBzAHUAdwCEAI4A1gDbAOMDMQMzAzgDQwNMA1oDXgNlA24DcwOAA4MDlQOYA50AAAAAAAACAQAAAAAAAAAoAAAAAAAAAAAAAAAAAAADnw==}}
