%% This BibTeX bibliography file was created using BibDesk.
%% http://bibdesk.sourceforge.net/

%% Created for Marshall Zhang at 2015-10-01 01:52:13 -0400 


%% Saved with string encoding Unicode (UTF-8) 



@book{shreve,
	Author = {Steven E. Shreve},
	Date-Added = {2015-10-01 05:51:10 +0000},
	Date-Modified = {2015-10-01 05:52:12 +0000},
	Publisher = {Springer Science \& Business Media},
	Title = {Stochastic Calculus for Finance II: Continuous-Time Models},
	Year = {2004}}

@book{bridge_deriv,
	Author = {Crispin Gardiner},
	Date-Added = {2015-10-01 05:41:27 +0000},
	Date-Modified = {2015-10-01 05:42:05 +0000},
	Publisher = {Springer Berlin Heidelberg},
	Title = {Stochastic Methods: A Handbook for the Natural and Social Sciences},
	Year = {2009}}

@misc{ecb,
	Author = {European Central Bank},
	Date-Added = {2015-09-30 02:20:04 +0000},
	Date-Modified = {2015-09-30 02:26:57 +0000},
	Howpublished = {\url{www.ecb.europa.eu/stats/spf/}},
	Title = {ECB Survey of Professional Forecasters}}

@book{fpe,
	Author = {Hannes Risken},
	Date-Added = {2015-09-30 02:17:04 +0000},
	Date-Modified = {2015-09-30 02:19:48 +0000},
	Publisher = {Springer},
	Title = {The Fokker-Planck Equation: Methods of Solutions and Applications},
	Year = {1996}}

@book{blyth,
	Author = {Stephen Blyth},
	Date-Added = {2015-09-30 02:16:15 +0000},
	Date-Modified = {2015-09-30 02:16:55 +0000},
	Publisher = {Oxford University Press},
	Title = {An Introduction to Quantitative Finance},
	Year = {2013}}

@article{bridges,
	Author = {Yongxin Chen and Tryphon Georgiou},
	Date-Added = {2015-09-30 02:12:02 +0000},
	Date-Modified = {2015-09-30 02:15:42 +0000},
	Journal = {Automatic Control},
	Title = {Stochastic bridges of linear systems},
	Volume = {PP},
	Year = {2015}}
